@misc{SU2020_DATASETS, 
author = {Murat, Pavel and Di Falco, Stefano and MacKenzie, Michael and Oksuzian, Yuri},
title = {Online description of {SU2020} datasets},
month = jun,
year = {2021},
url = {https://github.com/Mu2e/su2020/blob/master/doc/dataset_summary.org}
}

@misc{SU2020_STNTUPLE_DATASETS,
author = {Murat, Pavel and MacKenzie, Michael and Di Falco, Stefano},
title = {Online catalog of {SU2020 STNTUPLE} datasets},
month = jun,
year = {2021},
url = {https://mu2e.fnal.gov/public/hep/computing/Stntuple/cafdfc/su2020/index.shtml}
}

@misc{CRY3_DATASETS,
author = {Oksuzian, Yuri},
title = {{CRY3} datasets online, mu2ewiki},
month = jun,
year = {2020},
url = {https://mu2ewiki.fnal.gov/wiki/Datasets#CRY3:_stage_1}
}


@misc{SU2020_MIXING_VALIDATION,
author = {Murat, Pavel},
title  = {{SU2020} mixing validation},
month  = Nov,
year   = {2020},
url    = {https://github.com/Mu2e/su2020/blob/master/doc/mixing.org}
}
